<?xml version="1.0" encoding="UTF-8"?><collection xmlns="http://www.loc.gov/MARC21/slim"><record><leader>00337nam--2200133-i-4500</leader><controlfield tag="001">000040346</controlfield><controlfield tag="002">20161230</controlfield><controlfield tag="005">20161230201042</controlfield><controlfield tag="008">060222s1000------------r-----000-0-eng-d</controlfield><datafield ind1=" " ind2=" " tag="080"><subfield code="a">539.17</subfield></datafield><datafield ind1=" " ind2=" " tag="100"><subfield code="a">Skatchler,G.R</subfield></datafield><datafield ind1=" " ind2=" " tag="245"><subfield code="a">Introduction to nuclear reactions</subfield></datafield><datafield ind1=" " ind2=" " tag="260"><subfield code="a">London, Macmillan Press Ltd.,1980. Xii + 316 P</subfield></datafield><datafield ind1=" " ind2=" " tag="852"><subfield code="a">49937</subfield></datafield></record></collection>